 @webpage{leglab, Author = {\href{http://www.ai.mit.edu/projects/leglab}{http://www.ai.mit.edu/projects/leglab}, Last checked on November 4, 2009}, Title = {{MIT} {L}eg {L}ab}, Url = {}, Year = {} }  @webpage{ihop, Author = {\href{http://renaissance.ucsd.edu/CoordinatedRoboticsLab/iHop.html}{http://renaissance.ucsd.edu/CoordinatedRoboticsLab/iHop.html}, Last checked on November 4, 2009}, Title = {iHop at University of California, San Diego's Co-ordinated Robotics Lab }, Url = {}, Year = {} }  @article{raibert_monopod,  title={{Control of hoof rolling in an articulated leg}},  author={Lee, W. and Raibert, M.},  journal={Robotics and Automation, 1991. Proceedings., 1991 IEEE International Conference on},  pages={1386--1391},  year={1991} } @techreport{zeglin, author = {Garth Zeglin}, title = {Uniroo: {A} {O}ne-{L}egged {D}ynamic {H}opping {R}obot}, year = {1991}, institution = {Massachusetts Institute of Technology}, }  @techreport{bowleg, author = {Jean-Christophe Zufferey}, title = {{First Jumps of the 3D Bow Leg Hopper}}, year = {2001}, institution = {The Robotics Institute, Carnegie Mellon University}, } @techreport{pedro, author = {Pedro Gregorio}, title = {Design, {C}ontrol and {E}nergy {M}inimization {S}trategies for the {ARL} {M}onopod}, year = {1994}, institution = {McGill University}, }  @techreport{londhe, author = {Vitthal Narayan Londhe}, title = {Energy {P}umping {M}echanism for {H}opping {R}obot}, year = {2007}, institution = {Indian Institute of Technology, Bombay}, }  @techreport{saboo, author = {Vipul Saboo}, title = {Development of a {H}opping {R}obot}, year = {2008}, institution = {Indian Institute of Technology, Bombay}, }  @article{review, author = {Ajij Sayyad and B. Seth and P. Seshu}, title = {Single-legged hopping robotics research --- {A} review}, journal = {Robotica}, volume = {25}, number = {5}, year = {2007}, issn = {0263-5747}, pages = {587--613}, doi = {http://dx.doi.org/10.1017/S0263574707003487}, publisher = {Cambridge University Press}, address = {New York, NY, USA}, } @article{raibert_book, author = {Marc H. Raibert}, title = {Legged robots}, journal = {Communications of ACM}, volume = {29}, number = {6}, year = {1986}, issn = {0001-0782}, pages = {499--514}, doi = {http://doi.acm.org/10.1145/5948.5950}, publisher = {ACM}, address = {New York, NY, USA}, }  @article{papan, title={Electromechanical design for an electrically powered, actively balanced one leg planar robot}, author={Papantoniou, K.V.}, journal={Intelligent Robots and Systems '91. 'Intelligence for Mechanical Systems, Proceedings IROS '91. IEEE/RSJ International Workshop on}, year={1991}, month={Nov}, volume={}, number={}, pages={1553-1560 vol.3}, keywords={}, doi={10.1109/IROS.1991.174734}, ISSN={},  } @article{seth_control, author = {Sayyad, A. and Seth, B. and Issac, K.K.}, title = {{Dynamics and Control of a One-legged 2-D SLOM Hopping Robot}}, journal = {{12th IFToMM World Congress}}, year = {2007}, } @PhdThesis{shanmug,author = {Shanmuganathan, P.V.},title = {{Dynamics and Stabilization of Under-Actuated Monopedal Hopping}},school = {Indian Institude of Technology Bombay, Dept. of Mechanical Engineering},year = {2002},month = {July}}@PhdThesis{sayyad,author = {Sayyad, A.},title = {{Dynamics and Control of a Single Legged Offset Mass Hopping System}},school = {Indian Institude of Technology Bombay, Dept. of Mechanical Engineering},year = {2007}}@article{ARLMono2,  title={{Preliminary Experiments with an Actively Tuned Passive Dynamic Running Robot}},  author={Ahmadi, M. and Buehler, M.},  journal={Experimental Robotics V},  year={1997}}@article{ahmadi1997scs,  title={{Stable control of a simulated one-legged running robot with hip and leg compliance}},  author={Ahmadi, M. and Buehler, M.},  journal={Robotics and Automation, IEEE Transactions on},  volume={13},  number={1},  pages={96--104},  year={1997}}@article{bue93mono1,  title={{Design, modeling and control of a hopping robot}},  author={Rad, H. and Gregorio, P. and Buehler, M.},  journal={Intelligent Robots and Systems' 93, IROS'93. Proceedings of the 1993 IEEE/RSJ International Conference on},  volume={3},  year={1993}}@article{bue_passrun,  title={{A control strategy for stable passive running}},  author={Ahmadi, M. and Buehler, M.},  journal={Proc. IEEE/RSJ Conf. on Intelligent Robots and Systems},  volume={3},  pages={152--157},  year={1995}}@article{gregorio1994eea,  title={{Experiments with an electrically actuated planar hopping robot}},  author={Gregorio, P. and Ahmadi, M. and Buehler, M.},  journal={Experimental Robotics III. Springer-Verlag},  year={1994}}@article{buhler1988ash,  title={{Analysis of a simplified hopping robot}},  author={Buhler, M. and Koditschek, DE},  journal={Robotics and Automation, 1988. Proceedings., 1988 IEEE International Conference on},  pages={817--819},  year={1988}}@article{5cmhopper,  title={{Design of a 5-cm monopod hopping robot}},  author={Wei, TE and Nelson, GM and Quinn, RD and Verma, H. and Garverick, SL},  journal={Robotics and Automation, 2000. Proceedings. ICRA'00. IEEE International Conference on},  volume={3},  year={2000}}@article{gregorio1997dca,  title={{Design, control, and energetics of an electrically actuated legged robot}},  author={Gregorio, P. and Ahmadi, M. and Buehler, M. and Design, S.B. and Montreal, Q.},  journal={Systems, Man and Cybernetics, Part B, IEEE Transactions on},  volume={27},  number={4},  pages={626--634},  year={1997}} @techreport{siraj, author = {Siraj Issani}, title = {{Design and Implementation of Reaction Wheel Mechanism to Control a One-legged Hoppng Robot}}, year = {2009}, institution = {Indian Institute of Technology, Bombay}, } @techreport{simit, author = {Simit Pradhan}, title = {{Prototype Development for Hopping Height Control of a One-Legged Hopping Robot}}, year = {2009}, institution = {Indian Institute of Technology, Bombay}, }@mastersthesis{ARLMono1,  title={{Design, Control and Energy Minimization Strategies for the ARL Monopod}},  author={Gregorio, P.},  year={1994},  school={McGill University}}@article{kalman1975,  title={{A Comparison of Complementary and Kalman Filtering}},  author={Walter Higgins(Jr.)},  journal={Aerospace and Electronic systems, IEEE Transactions on},  volume={11},  number={3},  year={1975}}@book{kalman_book,  title={{Kalman Filtering : Theory and Practice}},  author={Grewal M. and Andrews A.},  publisher={John Wiley and Sons Inc.},  year={2001}}